@misc{time2vec,
      title={Time2Vec: Learning a Vector Representation of Time}, 
      author={Seyed Mehran Kazemi and Rishab Goel and Sepehr Eghbali and Janahan Ramanan and Jaspreet Sahota and Sanjay Thakur and Stella Wu and Cathal Smyth and Pascal Poupart and Marcus Brubaker},
      year={2019},
      doi={https://doi.org/10.48550/arXiv.1907.05321},
      eprint={1907.05321},
      archivePrefix={arXiv},
      primaryClass={cs.LG}
}

@misc{word2vec,
      title={Efficient Estimation of Word Representations in Vector Space}, 
      author={Tomas Mikolov and Kai Chen and Greg Corrado and Jeffrey Dean},
      year={2013},
      doi={https://doi.org/10.48550/arXiv.1301.3781},
      eprint={1301.3781},
      archivePrefix={arXiv},
      primaryClass={cs.CL}
}